@book{stochastic_ross,
  author    = {Ross, Sheldon M.}, 
  title     = {Stochastic Processes},
  publisher = {Wiley},
  year      = {1996},
%   volume    = {volume},
%   series    = {serie},
  address   = {New York},
  edition   = {2 ed}
}
@book{probability_ross,
  author    = {Ross, Sheldon M.}, 
  title     = {A First Course in Probability},
  publisher = {Pearson},
  year      = {2019},
%   volume    = {volume},
%   series    = {serie},
%   address   = {New York},
  edition   = {10 ed}
}
@mastersthesis{ruina,
  title={Aproximações para a probabilidade de ruína de uma companhia seguradora},
  author={Feijó, Margarida B. C.},
  year={2015},
  school={Universidade do Porto}
}